<record><leader>00000cas a2200000 a 4500</leader><controlfield tag="001">29423860</controlfield><controlfield tag="008">931203d19841987iludn ne      0   a0eng c</controlfield><datafield ind1=" " ind2=" " tag="010"><subfield code="a">sn 93055996 </subfield></datafield><datafield ind1=" " ind2=" " tag="040"><subfield code="a">NVF</subfield><subfield code="b">eng</subfield><subfield code="c">NVF</subfield><subfield code="d">CVF</subfield><subfield code="d">NVF</subfield><subfield code="d">OCLCQ</subfield><subfield code="d">NVF</subfield><subfield code="d">DLC</subfield><subfield code="d">OCLCO</subfield><subfield code="d">NVF</subfield><subfield code="d">OCLCO</subfield></datafield><datafield ind1="1" ind2=" " tag="029"><subfield code="a">AU@</subfield><subfield code="b">000010784513</subfield></datafield><datafield ind1=" " ind2=" " tag="042"><subfield code="a">pcc</subfield></datafield><datafield ind1=" " ind2=" " tag="043"><subfield code="a">n-us-il</subfield></datafield><datafield ind1="0" ind2=" " tag="130"><subfield code="a">Daily Calumet (Lansing, Ill. : City ed.)</subfield></datafield><datafield ind1="1" ind2="4" tag="245"><subfield code="a">The daily Calumet.</subfield></datafield><datafield ind1=" " ind2=" " tag="250"><subfield code="a">City ed.</subfield></datafield><datafield ind1=" " ind2=" " tag="260"><subfield code="a">Lansing, Ill. :</subfield><subfield code="b">Midland Communications Inc.,</subfield><subfield code="c">1984-1987.</subfield></datafield><datafield ind1=" " ind2=" " tag="300"><subfield code="a">volumes</subfield></datafield><datafield ind1=" " ind2=" " tag="310"><subfield code="a">Daily (except Sunday)</subfield></datafield><datafield ind1="0" ind2=" " tag="362"><subfield code="a">Vol. 103, no. 85 (Apr. 12, 1984)-v. 108, no. 241 (Oct. 9, 1987).</subfield></datafield><datafield ind1=" " ind2=" " tag="515"><subfield code="a">Continues the numbering of Daily Calumet (Chicago, Ill. : 1965).</subfield></datafield><datafield ind1=" " ind2="0" tag="650"><subfield code="a">Community newspapers</subfield><subfield code="z">Illinois</subfield><subfield code="z">Chicago.</subfield></datafield><datafield ind1=" " ind2="0" tag="651"><subfield code="a">South Chicago (Chicago, Ill.)</subfield><subfield code="v">Newspapers.</subfield></datafield><datafield ind1=" " ind2="0" tag="651"><subfield code="a">Calumet Heights (Chicago, Ill.)</subfield><subfield code="v">Newspapers.</subfield></datafield><datafield ind1=" " ind2=" " tag="752"><subfield code="a">United States</subfield><subfield code="b">Illinois</subfield><subfield code="c">Cook County</subfield><subfield code="d">Lansing.</subfield></datafield><datafield ind1="0" ind2=" " tag="775"><subfield code="t">Daily Calumet (Lansing, Ill. : Suburban ed.)</subfield><subfield code="w">(DLC)sn 93055993</subfield><subfield code="w">(OCoLC)29423931</subfield></datafield><datafield ind1="0" ind2="0" tag="780"><subfield code="t">Daily Calumet (Chicago, Ill. : 1965)</subfield><subfield code="w">(DLC)sn 85000550</subfield><subfield code="w">(OCoLC)11680331</subfield></datafield><datafield ind1="0" ind2="0" tag="785"><subfield code="t">Daily Calumet and pointer (Lansing, Ill. : Chicago ed.)</subfield><subfield code="w">(DLC)sn 88001779</subfield><subfield code="w">(OCoLC)18042976</subfield></datafield></record>